<?xml version="1.0" encoding="UTF-8"?><collection xmlns="http://www.loc.gov/MARC21/slim"><record><leader>00339nam--2200121-i-4500</leader><controlfield tag="001">000016893</controlfield><controlfield tag="002">20161230</controlfield><controlfield tag="005">20161230201032</controlfield><controlfield tag="008">060222s1000------------r-----000-0-eng-d</controlfield><datafield ind1=" " ind2=" " tag="080"><subfield code="a">621.375.826(061.3)</subfield></datafield><datafield ind1=" " ind2=" " tag="245"><subfield code="a">Eac abstracts.ernst abbe conference jena 1989</subfield></datafield><datafield ind1=" " ind2=" " tag="260"><subfield code="a">Jena,Friederich-schiller-universitat Jena, 1989.  137p</subfield></datafield><datafield ind1=" " ind2=" " tag="852"><subfield code="a">79059</subfield></datafield></record></collection>